<record xmlns="http://www.loc.gov/MARC21/slim" xmlns:xsi="http://www.w3.org/2001/XMLSchema-instance" xsi:schemaLocation="http://www.loc.gov/MARC21/slim http://www.loc.gov/standards/marcxml/schema/MARC21slim.xsd"><leader>00821cz   2200193n  4500</leader><controlfield tag="001">oca00887668 </controlfield><controlfield tag="005">19900228091433.5</controlfield><controlfield tag="008">840113n| acannaab|          |a aaa |||  </controlfield><datafield ind1=" " ind2=" " tag="010"><subfield code="a">n  82239358 </subfield></datafield><datafield ind1=" " ind2=" " tag="040"><subfield code="a">DLC</subfield><subfield code="c">DLC</subfield><subfield code="d">DLC</subfield></datafield><datafield ind1="0" ind2=" " tag="100"><subfield code="a">Scribonius Largus,</subfield><subfield code="d">ca. 1-ca. 50</subfield></datafield><datafield ind1="0" ind2=" " tag="400"><subfield code="a">Scribonius Largus</subfield><subfield code="w">nnaa</subfield></datafield><datafield ind1="1" ind2=" " tag="400"><subfield code="a">Largus, Scribonius,</subfield><subfield code="d">ca. 1-ca. 50</subfield></datafield><datafield ind1="0" ind2=" " tag="400"><subfield code="a">Scribonio Largo,</subfield><subfield code="d">ca. 1-ca. 50</subfield></datafield><datafield ind1="1" ind2=" " tag="400"><subfield code="a">Largo, Scribonio,</subfield><subfield code="d">ca. 1-ca. 50</subfield></datafield><datafield ind1=" " ind2=" " tag="670"><subfield code="a">Sconocchia, S. Per una nuova edizione di Scribonio Largo, c1981:</subfield><subfield code="b">t.p. (Scribonio Largo) p. 11 (Scribonius Largus)</subfield></datafield><datafield ind1=" " ind2=" " tag="670"><subfield code="a">LC manual auth. cd.</subfield><subfield code="b">(hdg.: Scribonius Largus)</subfield></datafield><datafield ind1=" " ind2=" " tag="670"><subfield code="a">Oxf. class. dict.</subfield><subfield code="b">(Scribonius Largus, b. ca. 1 &amp; d. ca. 50; Roman physician)</subfield></datafield><datafield ind1=" " ind2=" " tag="670"><subfield code="a">Tiraboschi, G. Storia delle lett. ital. ... 1823:</subfield><subfield code="b">v. 3, pt. 1 (Scribonio Largo; médico)</subfield></datafield></record>